@article{thruster_tunnel,
  author  = {Alistair Palmer, Grant Hearn, Peter Stevenson}, 
  title   = {Modelling Tunnel Thrusters for Autonomous Underwater Vehicles},
  journal = {IFAC Proceedings Volumes},
  year    = 2008,
  number  = 1,
  pages   = {91-96},
  volume  = 41
}

@article{allocation_1,
  author  = {Tor Johansen, Thor Fossen, Petter Tøndel}, 
  title   = {Efficient Optimal Constrained Control Allocation via Multiparametric Programming},
  journal = {Journal of Guidance, Control, and Dynamics},
  year    = 2005,
  number  = 3,
  pages   = {506-515},
  volume  = 28
}

@article{auv_mt,
  author  = {Matvienko Yu.V., Boreyko A.V., Lvov O.Yu.}, 
  title   = {Complex Robotic Tools to Perform Searches and Surveys of Underwater Infrastructure on the Shelf (in russian)},
  journal = {Underwater Investigations and Robotics},
  year    = 2015,
  number  = 1,
  pages   = {4-15},
  volume  = 1
}

@article{qp_1,
  author  = {E. M. Gertz and S. J. Wright}, 
  title   = {Object-Oriented Software for Quadratic Programming},
  journal = {ACM Transactions on Mathematical Software},
  year    = 2003,
  number  = 29,
  pages   = {58-81},
  volume  = 1
}

@book{book,
  author    = {C. Chen}, 
  title     = {The Ocean Engineering Handbook, chapter 4: Computational Intelligence in Ocean Engineering},
  publisher = {CRC Press},
  year      = 2000,
  isbn      = {978-0-8493-8598-8}
}
@book{book_fossen,
  author    = {Thor Fossen}, 
  title     = {Handbook of Marine Craft Hydrodynamics and Motion Control},
  publisher = {John Wiley \& Sons, Ltd},
  year      = 2011,
  isbn      = {978-1-1199-9149-6}
}

@article{survey,
	author  = {Thor I. Fossen, Tor A. Johansen},
	title   = {Control allocation - A survey},
  journal = {Automatica},
  year    = 2013,
  number  = 49,
  pages   = {1087–1103},
  volume  = 1
}

@article{load_balancing,
	author  = {Marc Bodson, Susan A. Frost},
	title   = {Journal of Guidance, Control, and Dynamics},
  journal = {Automatica},
  year    = 2011,
  number  = 2,
  pages   = {380-387},
  volume  = 34
}

@book{ned,
  author    = {Ben M., Lee, Tong Heng}, 
  title     = {Unmanned Rotorcraft Systems},
  publisher = {Springer},
  year      = 2011,
  isbn      = {978-0-85729-634-4}
}

@misc{repo,
  author = {Yiming Yan},
  title = {C++ implementation of the Interior Point Methods (CPIPM)},
  year = {2014},
  publisher = {GitHub},
  journal = {GitHub repository},
  howpublished = {https://github.com/YimingYAN/cppipm},
  commit = {af71195e06998396b88a7401196e2dc59456d8b3}
}